@article {pandit,
    AUTHOR = {Pandit, Suhas},
     TITLE = {The complex of non-separating embedded spheres},
   JOURNAL = {Rocky Mountain J. Math.},
  FJOURNAL = {The Rocky Mountain Journal of Mathematics},
    VOLUME = {44},
      YEAR = {2014},
    NUMBER = {6},
     PAGES = {2029--2054},
      ISSN = {0035-7596},
   MRCLASS = {57M07 (20E05 57M05)},
  MRNUMBER = {3310960},
MRREVIEWER = {Matthew C. B. Zaremsky},
       DOI = {10.1216/RMJ-2014-44-6-2029},
       URL = {http://dx.doi.org.prx.library.gatech.edu/10.1216/RMJ-2014-44-6-2029},
}

@article {putnam08,
    AUTHOR = {Putman, Andrew},
     TITLE = {A note on the connectivity of certain complexes associated to
              surfaces},
   JOURNAL = {Enseign. Math. (2)},
  FJOURNAL = {L'Enseignement Math\'ematique. Revue Internationale. 2e
              S\'erie},
    VOLUME = {54},
      YEAR = {2008},
    NUMBER = {3-4},
     PAGES = {287--301},
      ISSN = {0013-8584},
     CODEN = {ENMAAR},
   MRCLASS = {57M50 (57M07)},
  MRNUMBER = {2478089},
MRREVIEWER = {Richard Weidmann},
}

@article{brendle2004commensurations,
  title={Commensurations of the Johnson kernel},
  author={Brendle, Tara E and Margalit, Dan},
  journal={Geometry \& Topology},
  volume={8},
  number={3},
  pages={1361--1384},
  year={2004},
  publisher={Mathematical Sciences Publishers}
}


@article{bartholdi2016rational,
  title={The rational homology of the outer automorphism group of F7},
  author={Bartholdi, Laurent},
  journal={New York J. Math},
  volume={22},
  pages={191--197},
  year={2016}
}

@article{morris2016isomorphisms,
  title={Isomorphisms of Cayley graphs on nilpotent groups},
  author={Morris, Dave Witte and Morris, Joy and Verret, Gabriel},
  journal={New York J. Math},
  volume={22},
  pages={453--467},
  year={2016}
}

@article {pandit,
    AUTHOR = {Pandit, Suhas},
     TITLE = {The complex of non-separating embedded spheres},
   JOURNAL = {Rocky Mountain J. Math.},
  FJOURNAL = {The Rocky Mountain Journal of Mathematics},
    VOLUME = {44},
      YEAR = {2014},
    NUMBER = {6},
     PAGES = {2029--2054},
      ISSN = {0035-7596},
   MRCLASS = {57M07 (20E05 57M05)},
  MRNUMBER = {3310960},
MRREVIEWER = {Matthew C. B. Zaremsky},
       DOI = {10.1216/RMJ-2014-44-6-2029},
       URL = {http://dx.doi.org.prx.library.gatech.edu/10.1216/RMJ-2014-44-6-2029},
}

@article {MR1660045,
    AUTHOR = {Hatcher, Allen and Vogtmann, Karen},
     TITLE = {The complex of free factors of a free group},
   JOURNAL = {Quart. J. Math. Oxford Ser. (2)},
  FJOURNAL = {The Quarterly Journal of Mathematics. Oxford. Second Series},
    VOLUME = {49},
      YEAR = {1998},
    NUMBER = {196},
     PAGES = {459--468},
      ISSN = {0033-5606},
     CODEN = {QJMAAT},
   MRCLASS = {20E05 (20E42 57M07)},
  MRNUMBER = {1660045},
MRREVIEWER = {Michel Coornaert},
       DOI = {10.1093/qjmath/49.196.459},
       URL = {http://dx.doi.org.prx.library.gatech.edu/10.1093/qjmath/49.196.459},
}

@article {MR1660045,
    AUTHOR = {Hatcher, Allen and Vogtmann, Karen},
     TITLE = {The complex of free factors of a free group},
   JOURNAL = {Quart. J. Math. Oxford Ser. (2)},
  FJOURNAL = {The Quarterly Journal of Mathematics. Oxford. Second Series},
    VOLUME = {49},
      YEAR = {1998},
    NUMBER = {196},
     PAGES = {459--468},
      ISSN = {0033-5606},
     CODEN = {QJMAAT},
   MRCLASS = {20E05 (20E42 57M07)},
  MRNUMBER = {1660045},
MRREVIEWER = {Michel Coornaert},
       DOI = {10.1093/qjmath/49.196.459},
       URL = {http://dx.doi.org.prx.library.gatech.edu/10.1093/qjmath/49.196.459},
}

@unpublished{bridson,
title= {Automorphisms of the Free Factor Complex},
author = {Martin Bridson},
year = {2015},
note= {Workshop on Mapping Class Groups and Out($F_n$). University of Texas at Austin. Lecture},
URL= {http://www.math.uiuc.edu/~clein/modoutsched.html},
}

@article {vogt,
    AUTHOR = {Bridson, Martin R. and Vogtmann, Karen},
     TITLE = {The symmetries of outer space},
   JOURNAL = {Duke Math. J.},
  FJOURNAL = {Duke Mathematical Journal},
    VOLUME = {106},
      YEAR = {2001},
    NUMBER = {2},
     PAGES = {391--409},
      ISSN = {0012-7094},
     CODEN = {DUMJAO},
   MRCLASS = {20F65 (20E05 20F28 57M07)},
  MRNUMBER = {1813435},
MRREVIEWER = {S. Andreadakis},
       DOI = {10.1215/S0012-7094-01-10625-X},
       URL = {http://dx.doi.org.prx.library.gatech.edu/10.1215/S0012-7094-01-10625-X},
}


@article {souto,
    AUTHOR = {Aramayona, Javier and Souto, Juan},
     TITLE = {Automorphisms of the graph of free splittings},
   JOURNAL = {Michigan Math. J.},
  FJOURNAL = {Michigan Mathematical Journal},
    VOLUME = {60},
      YEAR = {2011},
    NUMBER = {3},
     PAGES = {483--493},
      ISSN = {0026-2285},
   MRCLASS = {20B25 (05C25 20E05 20E36)},
  MRNUMBER = {2861084},
MRREVIEWER = {Cheryl E. Praeger},
       DOI = {10.1307/mmj/1320763044},
       URL = {http://dx.doi.org.prx.library.gatech.edu/10.1307/mmj/1320763044},
}

