@book {primer,
    AUTHOR = {Farb, Benson and Margalit, Dan},
     TITLE = {A primer on mapping class groups},
    SERIES = {Princeton Mathematical Series},
    VOLUME = {49},
 PUBLISHER = {Princeton University Press, Princeton, NJ},
      YEAR = {2012},
     PAGES = {xiv+472},
      ISBN = {978-0-691-14794-9},
   MRCLASS = {57M50 (20F36 20F65 57M07 57N05)},
  MRNUMBER = {2850125},
MRREVIEWER = {Stephen P. Humphries},
}

@article {pandit,
    AUTHOR = {Pandit, Suhas},
     TITLE = {The complex of non-separating embedded spheres},
   JOURNAL = {Rocky Mountain J. Math.},
  FJOURNAL = {The Rocky Mountain Journal of Mathematics},
    VOLUME = {44},
      YEAR = {2014},
    NUMBER = {6},
     PAGES = {2029--2054},
      ISSN = {0035-7596},
   MRCLASS = {57M07 (20E05 57M05)},
  MRNUMBER = {3310960},
MRREVIEWER = {Matthew C. B. Zaremsky},
       DOI = {10.1216/RMJ-2014-44-6-2029},
       URL = {http://dx.doi.org.prx.library.gatech.edu/10.1216/RMJ-2014-44-6-2029},
}

@article {MR1660045,
    AUTHOR = {Hatcher, Allen and Vogtmann, Karen},
     TITLE = {The complex of free factors of a free group},
   JOURNAL = {Quart. J. Math. Oxford Ser. (2)},
  FJOURNAL = {The Quarterly Journal of Mathematics. Oxford. Second Series},
    VOLUME = {49},
      YEAR = {1998},
    NUMBER = {196},
     PAGES = {459--468},
      ISSN = {0033-5606},
     CODEN = {QJMAAT},
   MRCLASS = {20E05 (20E42 57M07)},
  MRNUMBER = {1660045},
MRREVIEWER = {Michel Coornaert},
       DOI = {10.1093/qjmath/49.196.459},
       URL = {http://dx.doi.org.prx.library.gatech.edu/10.1093/qjmath/49.196.459},
}


@unpublished{bridson,
title= {Automorphisms of the Free Factor Complex},
author = {Martin Bridson},
year = {2015},
note= {Workshop on Mapping Class Groups and Out($F_n$). University of Texas at Austin. Lecture},
URL= {http://www.math.uiuc.edu/~clein/modoutsched.html},
}

@article {vogt,
    AUTHOR = {Bridson, Martin R. and Vogtmann, Karen},
     TITLE = {The symmetries of outer space},
   JOURNAL = {Duke Math. J.},
  FJOURNAL = {Duke Mathematical Journal},
    VOLUME = {106},
      YEAR = {2001},
    NUMBER = {2},
     PAGES = {391--409},
      ISSN = {0012-7094},
     CODEN = {DUMJAO},
   MRCLASS = {20F65 (20E05 20F28 57M07)},
  MRNUMBER = {1813435},
MRREVIEWER = {S. Andreadakis},
       DOI = {10.1215/S0012-7094-01-10625-X},
       URL = {http://dx.doi.org.prx.library.gatech.edu/10.1215/S0012-7094-01-10625-X},
}


@article {souto,
    AUTHOR = {Aramayona, Javier and Souto, Juan},
     TITLE = {Automorphisms of the graph of free splittings},
   JOURNAL = {Michigan Math. J.},
  FJOURNAL = {Michigan Mathematical Journal},
    VOLUME = {60},
      YEAR = {2011},
    NUMBER = {3},
     PAGES = {483--493},
      ISSN = {0026-2285},
   MRCLASS = {20B25 (05C25 20E05 20E36)},
  MRNUMBER = {2861084},
MRREVIEWER = {Cheryl E. Praeger},
       DOI = {10.1307/mmj/1320763044},
       URL = {http://dx.doi.org.prx.library.gatech.edu/10.1307/mmj/1320763044},
}


@article {homstabout,
    AUTHOR = {Hatcher, Allen and Vogtmann, Karen},
     TITLE = {Homology stability for outer automorphism groups of free
              groups},
   JOURNAL = {Algebr. Geom. Topol.},
  FJOURNAL = {Algebraic \& Geometric Topology},
    VOLUME = {4},
      YEAR = {2004},
     PAGES = {1253--1272},
      ISSN = {1472-2747},
   MRCLASS = {20F28 (20E05 20F65 20J06 57M07)},
  MRNUMBER = {2113904},
MRREVIEWER = {Mihalis A. Sykiotis},
       DOI = {10.2140/agt.2004.4.1253},
       URL = {http://dx.doi.org.prx.library.gatech.edu/10.2140/agt.2004.4.1253},
}

@article{Laudenbach,
 ISSN = {0003486X},
 URL = {http://www.jstor.org/stable/1970877},
 author = {F. Laudenbach},
 journal = {Annals of Mathematics},
 number = {1},
 pages = {57-81},
 publisher = {Annals of Mathematics},
 title = {Sur Les 2-Spheres D'une Variete de Dimension 3},
 volume = {97},
 year = {1973}
}


@article{Luft1978,
author="Luft, E.",
title="Actions of the homeotopy group of an orientable 3-dimensional handlebody",
journal="Mathematische Annalen",
year="1978",
month="Oct",
day="01",
volume="234",
number="3",
pages="279--292",
abstract="The actions of the homeotopy group of an orientable 3-dimensional handlebody on the fundamental group and on the first homology group are completely determined. As an application generators are obtained for the kernel of the canonical epimorphism of the automorphism group of a free group of rankn onto the automorphism group of a free abelian group of rankn.",
issn="1432-1807",
doi="10.1007/BF01420650",
url="https://doi.org/10.1007/BF01420650"
}


@article{MCCULLOUGH1985461,
title = "Twist groups of compact 3-manifolds",
journal = "Topology",
volume = "24",
number = "4",
pages = "461 - 474",
year = "1985",
issn = "0040-9383",
doi = "https://doi.org/10.1016/0040-9383(85)90015-1",
url = "http://www.sciencedirect.com/science/article/pii/0040938385900151",
author = "Darryl McCullough"
}

@book{MagnusWilhelm1976Cgt:,
publisher = "Dover Publications",
isbn = "0486632814",
year = "1976",
title = "Combinatorial group theory : presentations of groups in terms of generators and relations",
edition = "2d rev. ed..",
language = "eng",
address = "New York",
author = "Magnus, Wilhelm",
keywords = "Presentations of groups",
lccn = "75026290",
}


@article{schmutz schaller_2000, title={Mapping Class Groups of Hyperbolic Surfaces and Automorphism Groups of Graphs}, volume={122}, DOI={10.1023/A:1002672721132}, number={3}, journal={Compositio Mathematica}, publisher={London Mathematical Society}, author={Schmutz Schaller, Paul}, year={2000}, pages={243–260}}

@Inbook{Schaefer2002,
author="Schaefer, Marcus
and Sedgwick, Eric
and {\v{S}}tefankovi{\v{c}}, Daniel",
editor="Ibarra, Oscar H.
and Zhang, Louxin",
title="Algorithms for Normal Curves and Surfaces",
bookTitle="Computing and Combinatorics: 8th Annual International Conference, COCOON 2002 Singapore, August 15--17, 2002 Proceedings",
year="2002",
publisher="Springer Berlin Heidelberg",
address="Berlin, Heidelberg",
pages="370--380",
abstract="We derive several algorithms for curves and surfaces represented using normal coordinates. The normal coordinate representation is a very succinct representation of curves and surfaces. For embedded curves, for example, its size is logarithmically smaller than a representation by edge intersections in a triangulation. Consequently, fast algorithms for normal representations can be exponentially faster than algorithms working on the edge intersection representation. Normal representations have been essential in establishing bounds on the complexity of recognizing the unknot [Hak61, HLP99, AHT02], and string graphs [SS{\v{S}}02]. In this paper we present efficient algorithms for counting the number of connected components of curves and surfaces, deciding whether two curves are isotopic, and computing the algebraic intersection numbers of two curves. Our main tool are equations over monoids, also known as word equations.",
isbn="978-3-540-45655-1",
doi="10.1007/3-540-45655-4_40",
url="https://doi.org/10.1007/3-540-45655-4_40"
}

@article{fastdehn,
author = {Schaefer, Marcus and Sedgwick, Eric and Stefankovic, Daniel},
year = {2008},
month = {01},
pages = {},
title = {Computing Dehn Twists and Geometric Intersection Numbers in Polynomial Time.},
booktitle = {Proceedings of the 20th Annual Canadian Conference on Computational Geometry, CCCG 2008}
}

@book {MR2695693,
    AUTHOR = {Hamidi-Tehrani, Hessam},
     TITLE = {Algorithms in the surface mapping class groups},
      NOTE = {Thesis (Ph.D.)--Columbia University},
 PUBLISHER = {ProQuest LLC, Ann Arbor, MI},
      YEAR = {1997},
     PAGES = {115},
      ISBN = {978-0591-37482-7},
   MRCLASS = {Thesis},
  MRNUMBER = {2695693},
       URL =
              {http://gateway.proquest.com.prx.library.gatech.edu/openurl?url_ver=Z39.88-2004&rft_val_fmt=info:ofi/fmt:kev:mtx:dissertation&res_dat=xri:pqdiss&rft_dat=xri:pqdiss:9728211},
}

@article{1064-5616-207-6-854,
  author={D A Permyakov},
  title={Regular homotopy for immersions of graphs into surfaces},
  journal={Sbornik: Mathematics},
  volume={207},
  number={6},
  pages={854},
  url={http://stacks.iop.org/1064-5616/207/i=6/a=854},
  year={2016},
  abstract={We study invariants of regular immersions of graphs into surfaces up to regular homotopy. The concept of the winding number is used to introduce a new simple combinatorial invariant of regular homotopy. Bibliography: 20 titles.}
}

@article {MR0314054,
    AUTHOR = {Laudenbach, F.},
     TITLE = {Sur les {$2$}-sph\`eres d'une vari\'et\'e de dimension {$3$}},
   JOURNAL = {Ann. of Math. (2)},
  FJOURNAL = {Annals of Mathematics. Second Series},
    VOLUME = {97},
      YEAR = {1973},
     PAGES = {57--81},
      ISSN = {0003-486X},
   MRCLASS = {57A10},
  MRNUMBER = {0314054},
MRREVIEWER = {R. J. Daverman},
       URL = {https://doi-org.prx.library.gatech.edu/10.2307/1970877},
}

@article {MR1314940,
    AUTHOR = {Hatcher, Allen},
     TITLE = {Homological stability for automorphism groups of free groups},
   JOURNAL = {Comment. Math. Helv.},
  FJOURNAL = {Commentarii Mathematici Helvetici},
    VOLUME = {70},
      YEAR = {1995},
    NUMBER = {1},
     PAGES = {39--62},
      ISSN = {0010-2571},
   MRCLASS = {20E05 (20F28 20J99 57M07)},
  MRNUMBER = {1314940},
MRREVIEWER = {Gilbert Levitt},
       URL = {https://doi-org.prx.library.gatech.edu/10.1007/BF02565999},
}


@ARTICLE{2014arXiv1404.3689B,
   author = {{Banks}, J.~E.},
    title = "{The Birman exact sequence for 3-manifolds}",
  journal = {ArXiv e-prints},
archivePrefix = "arXiv",
   eprint = {1404.3689},
 primaryClass = "math.GT",
 keywords = {Mathematics - Geometric Topology},
     year = 2014,
    month = apr,
   adsurl = {http://adsabs.harvard.edu/abs/2014arXiv1404.3689B},
  adsnote = {Provided by the SAO/NASA Astrophysics Data System}
}

@article {MR1722024,
    AUTHOR = {Luo, Feng},
     TITLE = {Automorphisms of the complex of curves},
   JOURNAL = {Topology},
  FJOURNAL = {Topology. An International Journal of Mathematics},
    VOLUME = {39},
      YEAR = {2000},
    NUMBER = {2},
     PAGES = {283--298},
      ISSN = {0040-9383},
   MRCLASS = {57M99},
  MRNUMBER = {1722024},
MRREVIEWER = {Bruno P. Zimmermann},
       URL = {https://doi-org.prx.library.gatech.edu/10.1016/S0040-9383(99)00008-7},
}

@article {MR1696431,
    AUTHOR = {Korkmaz, Mustafa},
     TITLE = {Automorphisms of complexes of curves on punctured spheres and
              on punctured tori},
   JOURNAL = {Topology Appl.},
  FJOURNAL = {Topology and its Applications},
    VOLUME = {95},
      YEAR = {1999},
    NUMBER = {2},
     PAGES = {85--111},
      ISSN = {0166-8641},
   MRCLASS = {57M60 (20F38 30F60)},
  MRNUMBER = {1696431},
MRREVIEWER = {Athanase Papadopoulos},
       DOI = {10.1016/S0166-8641(97)00278-2},
       URL = {https://doi-org.prx.library.gatech.edu/10.1016/S0166-8641(97)00278-2},
}

@article {MR1460387,
    AUTHOR = {Ivanov, Nikolai V.},
     TITLE = {Automorphism of complexes of curves and of {T}eichm\"uller
              spaces},
   JOURNAL = {Internat. Math. Res. Notices},
  FJOURNAL = {International Mathematics Research Notices},
      YEAR = {1997},
    NUMBER = {14},
     PAGES = {651--666},
      ISSN = {1073-7928},
   MRCLASS = {57M99 (20F38 30F60 57N05)},
  MRNUMBER = {1460387},
MRREVIEWER = {Darryl McCullough},
       DOI = {10.1155/S1073792897000433},
       URL = {https://doi-org.prx.library.gatech.edu/10.1155/S1073792897000433},
}

@article {MR830038,
    AUTHOR = {McCarthy, John D.},
     TITLE = {Automorphisms of surface mapping class groups. {A} recent
              theorem of {N}. {I}vanov},
   JOURNAL = {Invent. Math.},
  FJOURNAL = {Inventiones Mathematicae},
    VOLUME = {84},
      YEAR = {1986},
    NUMBER = {1},
     PAGES = {49--71},
      ISSN = {0020-9910},
   MRCLASS = {57R50 (57M99)},
  MRNUMBER = {830038},
MRREVIEWER = {N. V. Ivanov},
       DOI = {10.1007/BF01388732},
       URL = {https://doi-org.prx.library.gatech.edu/10.1007/BF01388732},
}

@article {MR2599078,
    AUTHOR = {Kent, IV, Richard P. and Leininger, Christopher J. and
              Schleimer, Saul},
     TITLE = {Trees and mapping class groups},
   JOURNAL = {J. Reine Angew. Math.},
  FJOURNAL = {Journal f\"ur die Reine und Angewandte Mathematik. [Crelle's
              Journal]},
    VOLUME = {637},
      YEAR = {2009},
     PAGES = {1--21},
      ISSN = {0075-4102},
   MRCLASS = {57M07 (20E08 20F65 57N05)},
  MRNUMBER = {2599078},
MRREVIEWER = {Javier Aramayona},
       DOI = {10.1515/CRELLE.2009.087},
       URL = {https://doi-org.prx.library.gatech.edu/10.1515/CRELLE.2009.087},
}

@article {putman,
    AUTHOR = {Putman, Andrew},
     TITLE = {A note on the connectivity of certain complexes associated to
              surfaces},
   JOURNAL = {Enseign. Math. (2)},
  FJOURNAL = {L'Enseignement Math\'ematique. Revue Internationale. 2e S\'erie},
    VOLUME = {54},
      YEAR = {2008},
    NUMBER = {3-4},
     PAGES = {287--301},
      ISSN = {0013-8584},
   MRCLASS = {57M50 (57M07)},
  MRNUMBER = {2478089},
MRREVIEWER = {Richard Weidmann},
}


@Article{Nielsen1924,
author="Nielsen, Jakob",
title="Die Isomorphismengruppe der freien Gruppen",
journal="Mathematische Annalen",
year="1924",
month="Sep",
day="01",
volume="91",
number="3",
pages="169--209",
issn="1432-1807",
doi="10.1007/BF01556078",
url="https://doi.org/10.1007/BF01556078"
}

@article {bowditch,
    AUTHOR = {Bowditch, Brian H.},
     TITLE = {Rigidity of the strongly separating curve graph},
   JOURNAL = {Michigan Math. J.},
  FJOURNAL = {Michigan Mathematical Journal},
    VOLUME = {65},
      YEAR = {2016},
    NUMBER = {4},
     PAGES = {813--832},
      ISSN = {0026-2285},
   MRCLASS = {57M15 (20F34 30F60)},
  MRNUMBER = {3579187},
MRREVIEWER = {J. S. Birman},
       URL = {https://doi-org.prx.library.gatech.edu/10.1307/mmj/1480734021},
}


@article {commensurations,
    AUTHOR = {Brendle, Tara E. and Margalit, Dan},
     TITLE = {Addendum to: ``{C}ommensurations of the {J}ohnson kernel''
              [{G}eom. {T}opol. {\bf 8} (2004), 1361--1384; MR2119299]},
   JOURNAL = {Geom. Topol.},
  FJOURNAL = {Geometry \& Topology},
    VOLUME = {12},
      YEAR = {2008},
    NUMBER = {1},
     PAGES = {97--101},
      ISSN = {1465-3060},
   MRCLASS = {57S05 (20F34 20F38)},
  MRNUMBER = {2377246},
       URL = {https://doi-org.prx.library.gatech.edu/10.2140/gt.2008.12.97},
}

@ARTICLE{meta,
   author = {{Brendle}, T. and {Margalit}, D.},
    title = "{Normal subgroups of mapping class groups and the metaconjecture of {Ivanov}}",
  journal = {ArXiv e-prints},
archivePrefix = "arXiv",
   eprint = {1710.08929},
 primaryClass = "math.GT",
 keywords = {Mathematics - Geometric Topology, 57M07},
     year = 2017,
    month = oct,
   adsurl = {http://adsabs.harvard.edu/abs/2017arXiv171008929B},
  adsnote = {Provided by the SAO/NASA Astrophysics Data System}
}

@article {kida,
    AUTHOR = {Kida, Yoshikata},
     TITLE = {Automorphisms of the {T}orelli complex and the complex of
              separating curves},
   JOURNAL = {J. Math. Soc. Japan},
  FJOURNAL = {Journal of the Mathematical Society of Japan},
    VOLUME = {63},
      YEAR = {2011},
    NUMBER = {2},
     PAGES = {363--417},
      ISSN = {0025-5645},
   MRCLASS = {57S05 (20F38 57M07 57N05)},
  MRNUMBER = {2793105},
MRREVIEWER = {Stephen P. Humphries},
       URL = {http://projecteuclid.org.prx.library.gatech.edu/euclid.jmsj/1303737792},
}

@article {MR0243519,
    AUTHOR = {Birman, Joan S.},
     TITLE = {Mapping class groups and their relationship to braid groups},
   JOURNAL = {Comm. Pure Appl. Math.},
  FJOURNAL = {Communications on Pure and Applied Mathematics},
    VOLUME = {22},
      YEAR = {1969},
     PAGES = {213--238},
      ISSN = {0010-3640},
   MRCLASS = {55.40},
  MRNUMBER = {0243519},
MRREVIEWER = {L. Neuwirth},
       DOI = {10.1002/cpa.3160220206},
       URL = {https://doi-org.prx.library.gatech.edu/10.1002/cpa.3160220206},
}

@article {MR2239449,
    AUTHOR = {Behrstock, Jason and Margalit, Dan},
     TITLE = {Curve complexes and finite index subgroups of mapping class
              groups},
   JOURNAL = {Geom. Dedicata},
  FJOURNAL = {Geometriae Dedicata},
    VOLUME = {118},
      YEAR = {2006},
     PAGES = {71--85},
      ISSN = {0046-5755},
   MRCLASS = {57M99 (20F38 57M07)},
  MRNUMBER = {2239449},
MRREVIEWER = {Alessia Cattabriga},
       DOI = {10.1007/s10711-005-9022-3},
       URL = {https://doi-org.prx.library.gatech.edu/10.1007/s10711-005-9022-3},
}

@article {MR2318453,
    AUTHOR = {Shackleton, Kenneth J.},
     TITLE = {Combinatorial rigidity in curve complexes and mapping class
              groups},
   JOURNAL = {Pacific J. Math.},
  FJOURNAL = {Pacific Journal of Mathematics},
    VOLUME = {230},
      YEAR = {2007},
    NUMBER = {1},
     PAGES = {217--232},
      ISSN = {0030-8730},
   MRCLASS = {57M50},
  MRNUMBER = {2318453},
MRREVIEWER = {Mustafa Korkmaz},
       DOI = {10.2140/pjm.2007.230.217},
       URL = {https://doi-org.prx.library.gatech.edu/10.2140/pjm.2007.230.217},
}


@book{SerreJeanPierre2003T,
series = {Springer monographs in mathematics},
publisher = {Springer},
isbn = {3540442375},
year = {2003},
title = {Trees},
edition = {Corr. 2nd print..},
language = {eng},
address = {Berlin ; New York},
author = {Serre, Jean Pierre},
keywords = {Trees (Graph theory); Linear algebraic groups; Free groups},
lccn = {2003269778},
}


@article {MR1506881,
    AUTHOR = {Whitney, Hassler},
     TITLE = {Congruent {G}raphs and the {C}onnectivity of {G}raphs},
   JOURNAL = {Amer. J. Math.},
  FJOURNAL = {American Journal of Mathematics},
    VOLUME = {54},
      YEAR = {1932},
    NUMBER = {1},
     PAGES = {150--168},
      ISSN = {0002-9327},
   MRCLASS = {DML},
  MRNUMBER = {1506881},
       DOI = {10.2307/2371086},
       URL = {https://doi-org.prx.library.gatech.edu/10.2307/2371086},
}


@article {MR579573,
    AUTHOR = {Hatcher, A. and Thurston, W.},
     TITLE = {A presentation for the mapping class group of a closed
              orientable surface},
   JOURNAL = {Topology},
  FJOURNAL = {Topology. An International Journal of Mathematics},
    VOLUME = {19},
      YEAR = {1980},
    NUMBER = {3},
     PAGES = {221--237},
      ISSN = {0040-9383},
   MRCLASS = {57N05},
  MRNUMBER = {579573},
MRREVIEWER = {Frank Quinn},
       DOI = {10.1016/0040-9383(80)90009-9},
       URL = {https://doi-org.prx.library.gatech.edu/10.1016/0040-9383(80)90009-9},
}

@article {MR2040283,
    AUTHOR = {Margalit, Dan},
     TITLE = {Automorphisms of the pants complex},
   JOURNAL = {Duke Math. J.},
  FJOURNAL = {Duke Mathematical Journal},
    VOLUME = {121},
      YEAR = {2004},
    NUMBER = {3},
     PAGES = {457--479},
      ISSN = {0012-7094},
   MRCLASS = {57M50 (20F38)},
  MRNUMBER = {2040283},
MRREVIEWER = {Darryl McCullough},
       DOI = {10.1215/S0012-7094-04-12133-5},
       URL = {https://doi-org.prx.library.gatech.edu/10.1215/S0012-7094-04-12133-5},
}

@book{book:71921,
    resid = {71921},
    status =    {OK},
    title =      {The Theory of Groups},
    author =      {Hans J. Zassenhaus},
    size =    {2466483},
    type =   {djvu},
    isbn = {},
    edition = {},
    volume =    {},
    md5 = {0702d5adf089261d91c72590c54ee998},
    url =       {}
}

@book{book:421798,
        resid = {421798},
        status =    {OK},
        title =      {Homology (Classics in Mathematics)},
        author =      {Saunders Mac Lane},
        size =    {10547344},
        type =   {pdf},
        isbn = {},
        edition = {},
        volume =    {},
        md5 = {6d97ba60d5617e0f9b5e0cdfed7ce03d},
        url =       {}
}


@book {MR1324339,
    AUTHOR = {Brown, Kenneth S.},
     TITLE = {Cohomology of groups},
    SERIES = {Graduate Texts in Mathematics},
    VOLUME = {87},
      NOTE = {Corrected reprint of the 1982 original},
 PUBLISHER = {Springer-Verlag, New York},
      YEAR = {1994},
     PAGES = {x+306},
      ISBN = {0-387-90688-6},
   MRCLASS = {20J05 (20-02)},
  MRNUMBER = {1324339},
}

@incollection {MR1886685,
    AUTHOR = {Shalen, Peter B.},
     TITLE = {Representations of 3-manifold groups},
 BOOKTITLE = {Handbook of geometric topology},
     PAGES = {955--1044},
 PUBLISHER = {North-Holland, Amsterdam},
      YEAR = {2002},
   MRCLASS = {57M07 (20E08 57M25 57M50)},
  MRNUMBER = {1886685},
MRREVIEWER = {Kimihiko Motegi},
}

@article{doi:10.1112/jlms/s2-11.2.181,
author = {Dyer Joan L. and Formanek Edward},
title = {The Automorphism Group of a Free Group is Complete},
journal = {Journal of the London Mathematical Society},
volume = {s2-11},
number = {2},
pages = {181-190},
doi = {10.1112/jlms/s2-11.2.181},
url = {https://londmathsoc.onlinelibrary.wiley.com/doi/abs/10.1112/jlms/s2-11.2.181},
eprint = {https://londmathsoc.onlinelibrary.wiley.com/doi/pdf/10.1112/jlms/s2-11.2.181}
}


@article {MR1769698,
    AUTHOR = {Bridson, Martin R. and Vogtmann, Karen},
     TITLE = {Automorphisms of automorphism groups of free groups},
   JOURNAL = {J. Algebra},
  FJOURNAL = {Journal of Algebra},
    VOLUME = {229},
      YEAR = {2000},
    NUMBER = {2},
     PAGES = {785--792},
      ISSN = {0021-8693},
   MRCLASS = {20F28 (20E05)},
  MRNUMBER = {1769698},
MRREVIEWER = {Katalin A. Bencsath},
       DOI = {10.1006/jabr.2000.8327},
       URL = {https://doi-org.prx.library.gatech.edu/10.1006/jabr.2000.8327},
}


@book {MR2439729,
    AUTHOR = {Abramenko, Peter and Brown, Kenneth S.},
     TITLE = {Buildings},
    SERIES = {Graduate Texts in Mathematics},
    VOLUME = {248},
      NOTE = {Theory and applications},
 PUBLISHER = {Springer, New York},
      YEAR = {2008},
     PAGES = {xxii+747},
      ISBN = {978-0-387-78834-0},
   MRCLASS = {20E42 (20F55 20J06 51E24 51F15)},
  MRNUMBER = {2439729},
MRREVIEWER = {Ralf Koehl},
       DOI = {10.1007/978-0-387-78835-7},
       URL = {https://doi-org.prx.library.gatech.edu/10.1007/978-0-387-78835-7},
}

@book{10.2307/j.ctt1vwmg8g,
 URL = {http://www.jstor.org/stable/j.ctt1vwmg8g},
 abstract = {<p>Geometric group theory is the study of the interplay between groups and the spaces they act on, and has its roots in the works of Henri Poincaré, Felix Klein, J.H.C. Whitehead, and Max Dehn.<em>Office Hours with a Geometric Group Theorist</em>brings together leading experts who provide one-on-one instruction on key topics in this exciting and relatively new field of mathematics. It's like having office hours with your most trusted math professors.</p><p>An essential primer for undergraduates making the leap to graduate work, the book begins with free groups-actions of free groups on trees, algorithmic questions about free groups, the ping-pong lemma, and automorphisms of free groups. It goes on to cover several large-scale geometric invariants of groups, including quasi-isometry groups, Dehn functions, Gromov hyperbolicity, and asymptotic dimension. It also delves into important examples of groups, such as Coxeter groups, Thompson's groups, right-angled Artin groups, lamplighter groups, mapping class groups, and braid groups. The tone is conversational throughout, and the instruction is driven by examples.</p><p>Accessible to students who have taken a first course in abstract algebra,<em>Office Hours with a Geometric Group Theorist</em>also features numerous exercises and in-depth projects designed to engage readers and provide jumping-off points for research projects.</p>},
 publisher = {Princeton University Press},
 title = {Office Hours with a Geometric Group Theorist},
 year = {2017}
}


@book {MR1867354,
    AUTHOR = {Hatcher, Allen},
     TITLE = {Algebraic topology},
 PUBLISHER = {Cambridge University Press, Cambridge},
      YEAR = {2002},
     PAGES = {xii+544},
      ISBN = {0-521-79160-X; 0-521-79540-0},
   MRCLASS = {55-01 (55-00)},
  MRNUMBER = {1867354},
MRREVIEWER = {Donald W. Kahn},
}

@incollection {MR624817,
    AUTHOR = {Harvey, W. J.},
     TITLE = {Boundary structure of the modular group},
 BOOKTITLE = {Riemann surfaces and related topics: {P}roceedings of the 1978
              {S}tony {B}rook {C}onference ({S}tate {U}niv. {N}ew {Y}ork,
              {S}tony {B}rook, {N}.{Y}., 1978)},
    SERIES = {Ann. of Math. Stud.},
    VOLUME = {97},
     PAGES = {245--251},
 PUBLISHER = {Princeton Univ. Press, Princeton, N.J.},
      YEAR = {1981},
   MRCLASS = {32G15 (57N05)},
  MRNUMBER = {624817},
MRREVIEWER = {B. Maskit},
}


@article{VogtmannKaren2002Gd,
issn = {0046-5755},
pages = {1--31},
volume = {94},
publisher = {Kluwer Academic Publishers},
number = {1},
year = {2002},
title = {Geometriae dedicata},
address = {[Dordrecht] :},
author = {Vogtmann, Karen},
}

@book {MR2982242,
    AUTHOR = {Meucci, Erika},
     TITLE = {Relative outer automorphisms of free groups},
      NOTE = {Thesis (Ph.D.)--The University of Utah},
 PUBLISHER = {ProQuest LLC, Ann Arbor, MI},
      YEAR = {2011},
     PAGES = {118},
      ISBN = {978-1267-01951-6},
   MRCLASS = {Thesis},
  MRNUMBER = {2982242},
       URL =
              {http://gateway.proquest.com.prx.library.gatech.edu/openurl?url_ver=Z39.88-2004&rft_val_fmt=info:ofi/fmt:kev:mtx:dissertation&res_dat=xri:pqdiss&rft_dat=xri:pqdiss:3481941},
}

@article {MR2396963,
    AUTHOR = {Armstrong, Heather and Forrest, Bradley and Vogtmann, Karen},
     TITLE = {A presentation for {${\rm Aut}(F_n)$}},
   JOURNAL = {J. Group Theory},
  FJOURNAL = {Journal of Group Theory},
    VOLUME = {11},
      YEAR = {2008},
    NUMBER = {2},
     PAGES = {267--276},
      ISSN = {1433-5883},
   MRCLASS = {20F28 (20E05)},
  MRNUMBER = {2396963},
MRREVIEWER = {Arnaud Hilion},
       DOI = {10.1515/JGT.2008.015},
       URL = {https://doi-org.prx.library.gatech.edu/10.1515/JGT.2008.015},
}

@article {MR830040,
    AUTHOR = {Culler, Marc and Vogtmann, Karen},
     TITLE = {Moduli of graphs and automorphisms of free groups},
   JOURNAL = {Invent. Math.},
  FJOURNAL = {Inventiones Mathematicae},
    VOLUME = {84},
      YEAR = {1986},
    NUMBER = {1},
     PAGES = {91--119},
      ISSN = {0020-9910},
   MRCLASS = {20F28 (20J05 57S30)},
  MRNUMBER = {830040},
MRREVIEWER = {Christopher W. Stark},
       DOI = {10.1007/BF01388734},
       URL = {https://doi-org.prx.library.gatech.edu/10.1007/BF01388734},
}


@inproceedings {MR1950871,
    AUTHOR = {Vogtmann, Karen},
     TITLE = {Automorphisms of free groups and outer space},
 BOOKTITLE = {Proceedings of the {C}onference on {G}eometric and
              {C}ombinatorial {G}roup {T}heory, {P}art {I} ({H}aifa, 2000)},
   JOURNAL = {Geom. Dedicata},
  FJOURNAL = {Geometriae Dedicata},
    VOLUME = {94},
      YEAR = {2002},
     PAGES = {1--31},
      ISSN = {0046-5755},
   MRCLASS = {20F65 (05C25 20E05 20F28)},
  MRNUMBER = {1950871},
MRREVIEWER = {Gilbert Levitt},
       DOI = {10.1023/A:1020973910646},
       URL = {https://doi-org.prx.library.gatech.edu/10.1023/A:1020973910646},
}

@article {MR1214230,
    AUTHOR = {Krsti\'c, Sava and Vogtmann, Karen},
     TITLE = {Equivariant outer space and automorphisms of free-by-finite
              groups},
   JOURNAL = {Comment. Math. Helv.},
  FJOURNAL = {Commentarii Mathematici Helvetici},
    VOLUME = {68},
      YEAR = {1993},
    NUMBER = {2},
     PAGES = {216--262},
      ISSN = {0010-2571},
   MRCLASS = {20F28 (20E36 20J05)},
  MRNUMBER = {1214230},
MRREVIEWER = {Dimitrios Varsos},
       DOI = {10.1007/BF02565817},
       URL = {https://doi-org.prx.library.gatech.edu/10.1007/BF02565817},
}

@article {MR2156667,
    AUTHOR = {Wahl, Nathalie},
     TITLE = {From mapping class groups to automorphism groups of free
              groups},
   JOURNAL = {J. London Math. Soc. (2)},
  FJOURNAL = {Journal of the London Mathematical Society. Second Series},
    VOLUME = {72},
      YEAR = {2005},
    NUMBER = {2},
     PAGES = {510--524},
      ISSN = {0024-6107},
   MRCLASS = {55P47 (19D23 20F28 57M07)},
  MRNUMBER = {2156667},
MRREVIEWER = {J\'er\^ome Scherer},
       DOI = {10.1112/S0024610705006757},
       URL = {https://doi-org.prx.library.gatech.edu/10.1112/S0024610705006757},
}

@article {MR2174267,
    AUTHOR = {Hatcher, Allen and Wahl, Nathalie},
     TITLE = {Stabilization for the automorphisms of free groups with
              boundaries},
   JOURNAL = {Geom. Topol.},
  FJOURNAL = {Geometry and Topology},
    VOLUME = {9},
      YEAR = {2005},
     PAGES = {1295--1336},
      ISSN = {1465-3060},
   MRCLASS = {20F28 (57M07)},
  MRNUMBER = {2174267},
MRREVIEWER = {Mihalis A. Sykiotis},
       DOI = {10.2140/gt.2005.9.1295},
       URL = {https://doi-org.prx.library.gatech.edu/10.2140/gt.2005.9.1295},
}

@article {MR3020214,
    AUTHOR = {Horbez, Camille},
     TITLE = {Sphere paths in outer space},
   JOURNAL = {Algebr. Geom. Topol.},
  FJOURNAL = {Algebraic \& Geometric Topology},
    VOLUME = {12},
      YEAR = {2012},
    NUMBER = {4},
     PAGES = {2493--2517},
      ISSN = {1472-2747},
   MRCLASS = {20F65},
  MRNUMBER = {3020214},
       DOI = {10.2140/agt.2012.12.2493},
       URL = {https://doi-org.prx.library.gatech.edu/10.2140/agt.2012.12.2493},
}

@article {MR3692016,
    AUTHOR = {Hilion, Arnaud and Horbez, Camille},
     TITLE = {The hyperbolicity of the sphere complex via surgery paths},
   JOURNAL = {J. Reine Angew. Math.},
  FJOURNAL = {Journal f\"ur die Reine und Angewandte Mathematik. [Crelle's
              Journal]},
    VOLUME = {730},
      YEAR = {2017},
     PAGES = {135--161},
      ISSN = {0075-4102},
   MRCLASS = {20F67 (57M07)},
  MRNUMBER = {3692016},
MRREVIEWER = {Daniele Ettore Otera},
       DOI = {10.1515/crelle-2014-0128},
       URL = {https://doi-org.prx.library.gatech.edu/10.1515/crelle-2014-0128},
}

@article {MR3073931,
    AUTHOR = {Handel, Michael and Mosher, Lee},
     TITLE = {The free splitting complex of a free group, {I}:
              hyperbolicity},
   JOURNAL = {Geom. Topol.},
  FJOURNAL = {Geometry \& Topology},
    VOLUME = {17},
      YEAR = {2013},
    NUMBER = {3},
     PAGES = {1581--1672},
      ISSN = {1465-3060},
   MRCLASS = {20F67 (20E05 55U10 57M07)},
  MRNUMBER = {3073931},
MRREVIEWER = {Behrooz Mashayekhy},
       DOI = {10.2140/gt.2013.17.1581},
       URL = {https://doi-org.prx.library.gatech.edu/10.2140/gt.2013.17.1581},
}

@article {MR3724237,
    AUTHOR = {Bowditch, Brian H.},
     TITLE = {Large-scale rigidity properties of the mapping class groups},
   JOURNAL = {Pacific J. Math.},
  FJOURNAL = {Pacific Journal of Mathematics},
    VOLUME = {293},
      YEAR = {2018},
    NUMBER = {1},
     PAGES = {1--73},
      ISSN = {0030-8730},
   MRCLASS = {20F65 (57M50)},
  MRNUMBER = {3724237},
       DOI = {10.2140/pjm.2018.293.1},
       URL = {https://doi-org.prx.library.gatech.edu/10.2140/pjm.2018.293.1},
}

@article {MR3620458,
    AUTHOR = {Bowditch, Brian H.},
     TITLE = {Large-scale rank and rigidity of the {T}eichm\"uller metric},
   JOURNAL = {J. Topol.},
  FJOURNAL = {Journal of Topology},
    VOLUME = {9},
      YEAR = {2016},
    NUMBER = {4},
     PAGES = {985--1020},
      ISSN = {1753-8416},
   MRCLASS = {30F60 (32G15)},
  MRNUMBER = {3620458},
MRREVIEWER = {Hiroshige Shiga},
       DOI = {10.1112/jtopol/jtw017},
       URL = {https://doi-org.prx.library.gatech.edu/10.1112/jtopol/jtw017},
}

@article {MR3415065,
    AUTHOR = {Bestvina, Mladen and Bromberg, Ken and Fujiwara, Koji},
     TITLE = {Constructing group actions on quasi-trees and applications to
              mapping class groups},
   JOURNAL = {Publ. Math. Inst. Hautes \'Etudes Sci.},
  FJOURNAL = {Publications Math\'ematiques. Institut de Hautes \'Etudes
              Scientifiques},
    VOLUME = {122},
      YEAR = {2015},
     PAGES = {1--64},
      ISSN = {0073-8301},
   MRCLASS = {20E08 (20F34 20F65 20F69)},
  MRNUMBER = {3415065},
MRREVIEWER = {Dmytro M. Savchuk},
       DOI = {10.1007/s10240-014-0067-4},
       URL = {https://doi-org.prx.library.gatech.edu/10.1007/s10240-014-0067-4},
}

@ARTICLE{2016arXiv160801589G,
   author = {{Gaster}, J. and {Greene}, J.~E. and {Vlamis}, N.~G.},
    title = "{Coloring curves on surfaces}",
  journal = {ArXiv e-prints},
archivePrefix = "arXiv",
   eprint = {1608.01589},
 primaryClass = "math.GT",
 keywords = {Mathematics - Geometric Topology, Mathematics - Combinatorics, 57M15, 05C15},
     year = 2016,
    month = aug,
   adsurl = {http://adsabs.harvard.edu/abs/2016arXiv160801589G},
  adsnote = {Provided by the SAO/NASA Astrophysics Data System}
}

@article {MR1714338,
    AUTHOR = {Masur, Howard A. and Minsky, Yair N.},
     TITLE = {Geometry of the complex of curves. {I}. {H}yperbolicity},
   JOURNAL = {Invent. Math.},
  FJOURNAL = {Inventiones Mathematicae},
    VOLUME = {138},
      YEAR = {1999},
    NUMBER = {1},
     PAGES = {103--149},
      ISSN = {0020-9910},
   MRCLASS = {57M50 (20F67 30F60 32G15)},
  MRNUMBER = {1714338},
MRREVIEWER = {Darryl McCullough},
       DOI = {10.1007/s002220050343},
       URL = {https://doi-org.prx.library.gatech.edu/10.1007/s002220050343},
}


@article {MR786348,
    AUTHOR = {Harer, John L.},
     TITLE = {Stability of the homology of the mapping class groups of
              orientable surfaces},
   JOURNAL = {Ann. of Math. (2)},
  FJOURNAL = {Annals of Mathematics. Second Series},
    VOLUME = {121},
      YEAR = {1985},
    NUMBER = {2},
     PAGES = {215--249},
      ISSN = {0003-486X},
   MRCLASS = {57M99 (20F34)},
  MRNUMBER = {786348},
MRREVIEWER = {K. Vogtmann},
       DOI = {10.2307/1971172},
       URL = {https://doi-org.prx.library.gatech.edu/10.2307/1971172},
}
